<record><leader>00000cas a2200000 a 4500</leader><controlfield tag="001">33437918</controlfield><controlfield tag="008">951108d19271929fluwr ne      0    0eng c</controlfield><datafield ind1=" " ind2=" " tag="010"><subfield code="a">sn 95047279 </subfield></datafield><datafield ind1=" " ind2=" " tag="040"><subfield code="a">FUG</subfield><subfield code="b">eng</subfield><subfield code="c">FUG</subfield><subfield code="d">OCLCQ</subfield><subfield code="d">OCLCF</subfield><subfield code="d">OCLCO</subfield></datafield><datafield ind1=" " ind2=" " tag="012"><subfield code="i">9511</subfield></datafield><datafield ind1="1" ind2=" " tag="029"><subfield code="a">AU@</subfield><subfield code="b">000025889585</subfield></datafield><datafield ind1=" " ind2=" " tag="042"><subfield code="a">pcc</subfield></datafield><datafield ind1=" " ind2=" " tag="043"><subfield code="a">n-us-fl</subfield></datafield><datafield ind1="0" ind2=" " tag="130"><subfield code="a">Orange City times (Orange City, Fla. : 1927)</subfield></datafield><datafield ind1="1" ind2="0" tag="245"><subfield code="a">Orange City times.</subfield></datafield><datafield ind1="1" ind2=" " tag="246"><subfield code="i">Published from Mar. 22-&lt;29&gt;, 1929 as:</subfield><subfield code="a">Orange City times and Volusia County times</subfield></datafield><datafield ind1="3" ind2="0" tag="246"><subfield code="a">Volusia County times</subfield></datafield><datafield ind1="1" ind2="3" tag="246"><subfield code="a">Times</subfield></datafield><datafield ind1=" " ind2=" " tag="260"><subfield code="a">Orange City, Fla. :</subfield><subfield code="b">F.M. Clutter,</subfield><subfield code="c">1927-</subfield></datafield><datafield ind1=" " ind2=" " tag="300"><subfield code="a">v.</subfield></datafield><datafield ind1=" " ind2=" " tag="310"><subfield code="a">Weekly</subfield></datafield><datafield ind1="1" ind2=" " tag="362"><subfield code="a">Began in 1927; ceased in 1929.</subfield></datafield><datafield ind1="0" ind2=" " tag="362"><subfield code="a">Vol. 1, no. 1 (Feb. 4, 1927)-</subfield></datafield><datafield ind1=" " ind2=" " tag="500"><subfield code="a">Publisher: J.M. Connell, 1927-&lt;1928&gt;; McGuire &amp; Randolf, &lt;1929&gt;; Clive McGuire, 1929.</subfield></datafield><datafield ind1=" " ind2=" " tag="580"><subfield code="a">Absorbed: Ormond herald, and: Holly Hill tribune, and: Lake Helen reporter, and: Port Orange sentinel.</subfield></datafield><datafield ind1=" " ind2=" " tag="588"><subfield code="a">Latest issue consulted: Vol. 2, no. 52 (May 3, 1929).</subfield></datafield><datafield ind1=" " ind2="0" tag="651"><subfield code="a">Orange City (Fla.)</subfield><subfield code="v">Newspapers.</subfield></datafield><datafield ind1=" " ind2="0" tag="651"><subfield code="a">Volusia County (Fla.)</subfield><subfield code="v">Newspapers.</subfield></datafield><datafield ind1=" " ind2="7" tag="655"><subfield code="a">Newspapers.</subfield><subfield code="2">fast</subfield><subfield code="0">(OCoLC)fst01423814</subfield></datafield><datafield ind1=" " ind2="7" tag="651"><subfield code="a">Florida</subfield><subfield code="z">Orange City.</subfield><subfield code="2">fast</subfield><subfield code="0">(OCoLC)fst01215613</subfield></datafield><datafield ind1=" " ind2="7" tag="651"><subfield code="a">Florida</subfield><subfield code="z">Volusia County.</subfield><subfield code="2">fast</subfield><subfield code="0">(OCoLC)fst01204998</subfield></datafield><datafield ind1=" " ind2=" " tag="752"><subfield code="a">United States</subfield><subfield code="b">Florida</subfield><subfield code="c">Volusia</subfield><subfield code="d">Orange City.</subfield></datafield><datafield ind1="1" ind2="5" tag="780"><subfield code="t">Ormond herald</subfield></datafield><datafield ind1="1" ind2="5" tag="780"><subfield code="t">Holly Hill tribune</subfield></datafield><datafield ind1="1" ind2="5" tag="780"><subfield code="t">Lake Helen reporter</subfield></datafield><datafield ind1="1" ind2="5" tag="780"><subfield code="t">Port Orange sentinel</subfield></datafield><datafield ind1="0" ind2="0" tag="785"><subfield code="t">Volusia County times (Orange City, Fla.)</subfield><subfield code="w">(DLC)sn 95026054</subfield><subfield code="w">(OCoLC)32634114</subfield></datafield><datafield ind1=" " ind2=" " tag="850"><subfield code="a">FU</subfield></datafield></record>